<?xml version="1.0" encoding="UTF-8"?><record xmlns="http://www.loc.gov/MARC21/slim" xmlns:cinclude="http://apache.org/cocoon/include/1.0" xmlns:zs="http://www.loc.gov/zing/srw/">
  <leader>00628cz  a2200181n  4500</leader>
  <controlfield tag="001">n  85828752 </controlfield>
  <controlfield tag="003">DLC</controlfield>
  <controlfield tag="005">20071117074832.0</controlfield>
  <controlfield tag="008">851212n| acannaabn          |a aaa      </controlfield>
  <datafield tag="010" ind1=" " ind2=" ">
    <subfield code="a">n  85828752 </subfield>
  </datafield>
  <datafield tag="035" ind1=" " ind2=" ">
    <subfield code="a">(OCoLC)oca01451661</subfield>
  </datafield>
  <datafield tag="040" ind1=" " ind2=" ">
    <subfield code="a">DLC</subfield>
    <subfield code="b">eng</subfield>
    <subfield code="c">DLC</subfield>
    <subfield code="d">DLC</subfield>
    <subfield code="d">OCoLC</subfield>
    <subfield code="d">CSt</subfield>
  </datafield>
  <datafield tag="100" ind1="1" ind2=" ">
    <subfield code="a">Rivas de Pacheco, Ilia</subfield>
  </datafield>
  <datafield tag="400" ind1="1" ind2=" ">
    <subfield code="a">Pacheco, Ilia Rivas de</subfield>
  </datafield>
  <datafield tag="400" ind1="1" ind2=" ">
    <subfield code="a">De Pacheco, Ilia Rivas</subfield>
  </datafield>
  <datafield tag="400" ind1="1" ind2=" ">
    <subfield code="a">Rivas de Pacheco, Ylia</subfield>
  </datafield>
  <datafield tag="670" ind1=" " ind2=" ">
    <subfield code="a">nuc85-77043: Her La casa del altillo, 1973</subfield>
    <subfield code="b">(hdg. on CLU rept.: Rivas de Pacheco, Ylia; usage: Ilia Rivas de Pacheco)</subfield>
  </datafield>
  <datafield tag="670" ind1=" " ind2=" ">
    <subfield code="a">El suenĚo de la soledad, 1965:</subfield>
    <subfield code="b">t.p. (Ilia Rivas de Pacheco)</subfield>
  </datafield>
</record>